@article{acme14,
author = {The ACME Collaboration and Baron, J. and Campbell, W. C. and DeMille, D. and Doyle, J. M. and Gabrielse, G. and Gurevich, Y. V. and Hess, P. W. and Hutzler, N. R. and Kirilov, E. and Kozyryev, I. and O’Leary, B. R. and Panda, C. D. and Parsons, M. F. and Petrik, E. S. and Spaun, B. and Vutha, A. C. and West, A. D.}, 
title = {Order of Magnitude Smaller Limit on the Electric Dipole Moment of the Electron},
volume = {343}, 
number = {6168}, 
pages = {269-272}, 
year = {2014}, 
doi = {10.1126/science.1248213}, 
abstract ={The Standard Model of particle physics is known to be incomplete. Extensions to the Standard Model, such as weak-scale supersymmetry, posit the existence of new particles and interactions that are asymmetric under time reversal (T) and nearly always predict a small yet potentially measurable electron electric dipole moment (EDM), , in the range of 10−27 to 10−30 e·cm. The EDM is an asymmetric charge distribution along the electron spin () that is also asymmetric under T. Using the polar molecule thorium monoxide, we measured  = (–2.1 ± 3.7stat ± 2.5syst) × 10−29 e·cm. This corresponds to an upper limit of  < 8.7 × 10−29 e·cm with 90% confidence, an order of magnitude improvement in sensitivity relative to the previous best limit. Our result constrains T-violating physics at the TeV energy scale.}, 
URL = {http://www.sciencemag.org/content/343/6168/269.abstract}, 
eprint = {http://www.sciencemag.org/content/343/6168/269.full.pdf}, 
journal = {Science} 
}

@article{peccei77,
  title = {<span class="aps-inline-formula"><math><mi>CP</mi></math></span> Conservation in the Presence of Pseudoparticles},
  author = {Peccei, R. D. and Quinn, Helen R.},
  journal = {Phys. Rev. Lett.},
  volume = {38},
  issue = {25},
  pages = {1440--1443},
  numpages = {0},
  year = {1977},
  month = {Jun},
  publisher = {American Physical Society},
  doi = {10.1103/PhysRevLett.38.1440},
  url = {http://link.aps.org/doi/10.1103/PhysRevLett.38.1440}
}

@article{admx10,
  title = {SQUID-Based Microwave Cavity Search for Dark-Matter Axions},
  author = {Asztalos, S. J. and Carosi, G. and Hagmann, C. and Kinion, D. and van Bibber, K. and Hotz, M. and Rosenberg, L. J and Rybka, G. and Hoskins, J. and Hwang, J. and Sikivie, P. and Tanner, D. B. and Bradley, R. and Clarke, J.},
  journal = {Phys. Rev. Lett.},
  volume = {104},
  issue = {4},
  pages = {041301},
  numpages = {4},
  year = {2010},
  month = {Jan},
  publisher = {American Physical Society},
  doi = {10.1103/PhysRevLett.104.041301},
  url = {http://link.aps.org/doi/10.1103/PhysRevLett.104.041301}
}

@article{yamamoto00,
      author         = "Yamamoto, K. and Tada, M. and Kishimoto, Y. and Shibata,
                        M. and Kominato, K. and others",
      title          = "{The Rydberg atom cavity axion search}",
      pages          = "638-645",
      year           = "2000",
      eprint         = "hep-ph/0101200",
      archivePrefix  = "arXiv",
      primaryClass   = "hep-ph",
      reportNumber   = "NEAP-58",
      SLACcitation   = "%%CITATION = HEP-PH/0101200;%%",
}

@article{budker13,
      author         = "Budker, Dmitry and Graham, Peter W. and Ledbetter, Micah
                        and Rajendran, Surjeet and Sushkov, Alex",
      title          = "{Cosmic Axion Spin Precession Experiment (CASPEr)}",
      year           = "2013",
      eprint         = "1306.6089",
      archivePrefix  = "arXiv",
      primaryClass   = "hep-ph",
      SLACcitation   = "%%CITATION = ARXIV:1306.6089;%%",
}

@article{cast11,
  title = {Search for Sub-eV Mass Solar Axions by the CERN Axion Solar Telescope with <span class="aps-inline-formula"><math display="inline"><mmultiscripts><mi>He</mi><mprescripts></mprescripts><none></none><mn>3</mn></mmultiscripts></math></span> Buffer Gas},
  author = {Arik, M. and Aune, S. and Barth, K. and Belov, A. and Borghi, S. and Br\"auninger, H. and Cantatore, G. and Carmona, J. M. and Cetin, S. A. and Collar, J. I. and Dafni, T. and Davenport, M. and Eleftheriadis, C. and Elias, N. and Ezer, C. and Fanourakis, G. and Ferrer-Ribas, E. and Friedrich, P. and Gal\'an, J. and Garc\'\ia, J. A. and Gardikiotis, A. and Gazis, E. N. and Geralis, T. and Giomataris, I. and Gninenko, S. and G\'omez, H. and Gruber, E. and Guth\"orl, T. and Hartmann, R. and Haug, F. and Hasinoff, M. D. and Hoffmann, D. H. H. and Iguaz, F. J. and Irastorza, I. G. and Jacoby, J. and Jakov\ifmmode \check{c}\else \v{c}\fi{}i\ifmmode \acute{c}\else \'{c}\fi{}, K. and Karuza, M. and K\"onigsmann, K. and Kotthaus, R. and Kr\ifmmode \check{c}\else \v{c}\fi{}mar, M. and Kuster, M. and Laki\ifmmode \acute{c}\else \'{c}\fi{}, B. and Laurent, J. M. and Liolios, A. and Ljubi\ifmmode \check{c}\else \v{c}\fi{}i\ifmmode \acute{c}\else \'{c}\fi{}, A. and Lozza, V. and Lutz, G. and Luz\'on, G. and Morales, J. and Niinikoski, T. and Nordt, A. and Papaevangelou, T. and Pivovaroff, M. J. and Raffelt, G. and Rashba, T. and Riege, H. and Rodr\'\iguez, A. and Rosu, M. and Ruz, J. and Savvidis, I. and Silva, P. S. and Solanki, S. K. and Stewart, L. and Tom\'as, A. and Tsagri, M. and van Bibber, K. and Vafeiadis, T. and Villar, J. A. and Vogel, J. K. and Yildiz, S. C. and Zioutas, K.},
  collaboration = {CAST Collaboration},
  journal = {Phys. Rev. Lett.},
  volume = {107},
  issue = {26},
  pages = {261302},
  numpages = {5},
  year = {2011},
  month = {Dec},
  publisher = {American Physical Society},
  doi = {10.1103/PhysRevLett.107.261302},
  url = {http://link.aps.org/doi/10.1103/PhysRevLett.107.261302}
}

@article{ehret10,
title = "New \{ALPS\} results on hidden-sector lightweights ",
journal = "Physics Letters B ",
volume = "689",
number = "4–5",
pages = "149 - 155",
year = "2010",
note = "",
issn = "0370-2693",
doi = "http://dx.doi.org/10.1016/j.physletb.2010.04.066",
url = "http://www.sciencedirect.com/science/article/pii/S0370269310005526",
author = "Klaus Ehret and Maik Frede and Samvel Ghazaryan and Matthias Hildebrandt and Ernst-Axel Knabbe and Dietmar Kracht and Axel Lindner and Jenny List and Tobias Meier and Niels Meyer and Dieter Notz and Javier Redondo and Andreas Ringwald and Günter Wiedemann and Benno Willke",
keywords = "Experimental tests",
keywords = "Photon regeneration",
keywords = "Resonators and cavities",
keywords = "Axions",
keywords = "Other gauge bosons "
}